<?xml version="1.0" encoding="UTF-8"?><record xmlns="http://www.loc.gov/MARC21/slim" xmlns:cinclude="http://apache.org/cocoon/include/1.0" xmlns:zs="http://www.loc.gov/zing/srw/">
  <leader>00578cz  a2200157n  4500</leader>
  <controlfield tag="001">n  85139742 </controlfield>
  <controlfield tag="003">DLC</controlfield>
  <controlfield tag="005">20010314071757.0</controlfield>
  <controlfield tag="008">860117nc acannaabn          |a aaa      </controlfield>
  <datafield tag="010" ind1=" " ind2=" ">
    <subfield code="a">n  85139742 </subfield>
  </datafield>
  <datafield tag="035" ind1=" " ind2=" ">
    <subfield code="a">(OCoLC)oca01486776</subfield>
  </datafield>
  <datafield tag="040" ind1=" " ind2=" ">
    <subfield code="a">DLC</subfield>
    <subfield code="b">eng</subfield>
    <subfield code="c">DLC</subfield>
    <subfield code="d">DLC</subfield>
    <subfield code="d">OCoLC</subfield>
    <subfield code="d">DLC</subfield>
    <subfield code="d">OCoLC</subfield>
  </datafield>
  <datafield tag="100" ind1="1" ind2=" ">
    <subfield code="a">Wu, Liansheng.</subfield>
    <subfield code="t">Jiao tong yun shu shi ye ci dian</subfield>
  </datafield>
  <datafield tag="400" ind1="1" ind2=" ">
    <subfield code="a">Wu, Liansheng.</subfield>
    <subfield code="t">English Chinese dictionary of communications &amp; transportation</subfield>
  </datafield>
  <datafield tag="400" ind1="1" ind2=" ">
    <subfield code="w">nnea</subfield>
    <subfield code="a">Wu, Lien-sheng.</subfield>
    <subfield code="t">Chiao tʻung yün shu shih yeh tzʻu tien</subfield>
  </datafield>
  <datafield tag="670" ind1=" " ind2=" ">
    <subfield code="a">His Chiao tʻung yün shu shih yeh tzʻu tien, 1985.</subfield>
  </datafield>
</record>